@Comment{$ biblatex control file $}
<<<<<<< HEAD
<<<<<<< HEAD
@Comment{$ biblatex version 2.8 $}
Do not modify this file!

This is an auxiliary file used by the 'biblatex' package.
This file may safely be deleted. It will be recreated as
required.

@Control{biblatex-control,
  options = {2.8:0:0:1:0:1:1:0:0:0:0:1:3:1:79:+:nty},
=======
@Comment{$ biblatex bcf format version 3.7 $}
=======
@Comment{$ biblatex bcf format version 3.6 $}
>>>>>>> Hanna
% Do not modify this file!
%
% This is an auxiliary file used by the 'biblatex' package.
% This file may safely be deleted. It will be recreated as
% required.

@Control{biblatex-control,
<<<<<<< HEAD
  options = {3.7:0:0:1:0:1:1:0:0:0:0:1:3:1:3:1:0:0:3:1:79:+:+:nty},
>>>>>>> f1b4372384a795ff34e56911a5717018c697abc9
=======
  options = {3.6:0:0:1:0:1:1:0:0:0:0:1:3:1:3:1:0:0:3:1:79:+:+:nty},
>>>>>>> Hanna
}
